{1:F01260140001   .SS..SEQ..}{2:0940260140001   N}{4:
:20:240222/10900004
:25:80109000040000001260140001
:28C:2024/77/1
:60F:C240221PLN0,00
:61:240222CN75,00NTRFNONREF
:86:>20qEIN14109000047074000000006003
>3180109000040000001260140001
>32CEZARY BRUNON BOLIN UL. OKREZNA 16 83-305 HOPY
>3814109000047074000000006003
:61:240222DN75,00NTRFNONREF
:86:>20PRZELEW SRODKOW Z DNIA 220224EIN2910901102000000014296225
5
>3180109000040000001260140001
>32Santander Bank Polska S.A.
>3829109011020000000142962255
:62F:C240222PLN0,00
:64:C240222PLN0,00
-}
